<record><leader>00000cas a22000007a 4500</leader><controlfield tag="001">17870402</controlfield><controlfield tag="008">880429d19081919lauwr ne      0    0eng d</controlfield><datafield ind1=" " ind2=" " tag="010"><subfield code="a">sn 88064371 </subfield></datafield><datafield ind1=" " ind2=" " tag="040"><subfield code="a">LNP</subfield><subfield code="b">eng</subfield><subfield code="c">LNP</subfield><subfield code="d">OCLCQ</subfield></datafield><datafield ind1=" " ind2=" " tag="042"><subfield code="a">msc</subfield></datafield><datafield ind1="0" ind2=" " tag="130"><subfield code="a">Rising star (Winnsboro, La.)</subfield></datafield><datafield ind1="1" ind2="4" tag="245"><subfield code="a">The Rising star.</subfield></datafield><datafield ind1=" " ind2=" " tag="260"><subfield code="a">Winnsboro, La. :</subfield><subfield code="b">W.M. King</subfield></datafield><datafield ind1=" " ind2=" " tag="310"><subfield code="a">Weekly</subfield></datafield><datafield ind1="1" ind2=" " tag="362"><subfield code="a">Began in 1908? Ceased in 1919?</subfield></datafield><datafield ind1=" " ind2=" " tag="580"><subfield code="a">Merged with: Winnsboro reporter, in 1919?, to form: Star-reporter.</subfield></datafield><datafield ind1=" " ind2=" " tag="588"><subfield code="a">Description based on: Vol. 11, no. 51 (May 23, 1913).</subfield></datafield><datafield ind1=" " ind2=" " tag="752"><subfield code="a">United States</subfield><subfield code="b">Louisiana</subfield><subfield code="c">Franklin</subfield><subfield code="d">Winnsboro.</subfield></datafield><datafield ind1="0" ind2="5" tag="780"><subfield code="t">Franklin sun (Winnsboro, La. : 1856)</subfield><subfield code="w">(DLC)sn 88064370</subfield></datafield><datafield ind1="1" ind2="7" tag="785"><subfield code="t">Winnsboro reporter</subfield></datafield><datafield ind1="1" ind2="7" tag="785"><subfield code="t">Star-reporter</subfield></datafield></record>